% Encoding: UTF-8

@online{mckinsey-survey,
    author = "{Laura LaBerge, Clayton O'Toole, Jeremy Schneider}",
    title = "How COVID-19 has pushed companies over the technology tipping point—and transformed business forever",
    url  = "https://www.mckinsey.com/business-functions/strategy-and-corporate-finance/our-insights/how-covid-19-has-pushed-companies-over-the-technology-tipping-point-and-transformed-business-forever",
    addendum = "(2020-10-5)"
}

@online{forrester-wave,
    author = "{Cheryl McKinnon}",
    title = "The Forrester Wave™: Intranet Platforms, Q1 2022",
    url  = "https://reprints2.forrester.com/#/assets/2/1869/RES176320/report",
    addendum = "(2022-02-23)"
}

@online{forrester-anywhere-work-strategy,
    author = "{James L. McQuivey, PhD}",
    title="Learn From 2020 To Create Your Anywhere-Work Strategy",
    url="https://www.forrester.com/blogs/learn-from-2020-to-create-your-anywhere-work-strategy/",
    addendum="(2020-11-17)"
}

@online{dwg-from-intranet-to-digital-workplace,
    author="{Digital Workplace Group}",
    title="From intranet to digital workplace: How to evolve your strategy",
    url="http://digitalworkplacegroup.com/wp-content/downloads/dwg-free/DWG-Intranet-to-Digital-Workplace-Evolution-Free-Report.pdf",
    addendum="(2020-11-17)"
}

@online{mckinsey-interactions,
    author = "{Aaron De Smet Caitlin Hewes Mengwei Luo J.R. Maxwell Patrick Simon}",
    title="If we’re all so busy, why isn’t anything getting done?",
    url="https://www.mckinsey.com/business-functions/people-and-organizational-performance/our-insights/if-were-all-so-busy-why-isnt-anything-getting-done",
    addendum="(2020-11-17)"
}

@online{mckinsey-future-workplace,
    author = "{Marino Mugayar-Baldocchi, Bill Schaninger, Kartik Sharma}",
    title="The future of the workplace: Embracing change and fostering connectivity",
    url="https://www.mckinsey.com/business-functions/people-and-organizational-performance/our-insights/the-organization-blog/the-future-of-the-workplace-embracing-change-and-fostering-connectivity",
    addendum="(2020-11-17)"
}

@online{mckinsey-unlocking-success,
    author = "{Hortense de la Boutetière, Alberto Montagner, Angelika Reich}",
    title="Unlocking success in digital transformations",
    url="https://www.mckinsey.com/business-functions/people-and-organizational-performance/our-insights/unlocking-success-in-digital-transformations",
    addendum="(2018-10-29)"
}

@online{wiki-maslow,
    author = "{Wikipedia}",
    title="Maslow piramidea",
    url="https://eu.wikipedia.org/wiki/Maslow_piramidea",
    addendum="(2010-03-19)"
}

@online{maslow-enterprise-2.0,
    author = "{Hutch Carpeter}",
    title="Maslow’s Hierarchy of Enterprise 2.0 ROI",
    url="https://www.cloudave.com/631/maslow-s-hierarchy-of-enterprise-2-0-roi/",
    addendum="(2010-03-19)"
}

@online{forrester-wave-intranet-platforms,
    author = "{Cheryl McKinnon, Srividya Sridharan, Angela Lozada}",
    title="The Forrester Wave™: Intranet Platforms, Q1 2022",
    url="https://reprints2.forrester.com/#/assets/2/1871/RES176320/report",
    addendum="(2022-02-23)"
}

@online{overview-spfx,
    author = "{Microsoft Docs}",
    title="Overview of the SharePoint Framework",
    url="https://docs.microsoft.com/en-us/sharepoint/dev/spfx/sharepoint-framework-overview",
    addendum="(2022-04-19)"
}

@online{roi,
    author = "{Jason Fernando}",
    title="Return on Investment (ROI)",
    url="https://www.investopedia.com/terms/r/returnoninvestment.asp",
    addendum="(2022-06-24)"
}

@online{cypress-bundled-libraries,
    author = "{Cypress Docs}",
    title="Cypress - Guides - Bundled Libraries",
    url="https://docs.cypress.io/guides/references/bundled-libraries",
    addendum="(2022-06-24)"
}

@online{cypress-testing-spfx,
    author = "{Elio Struyf}",
    title="Using Cypress for end to end testing your SharePoint solutions",
    url="https://www.eliostruyf.com/cypress-testing-sharepoint-solutions/",
    addendum="(2020-01-20)"
}

@online{bootstrap-accordion,
    author = "{Bootstrap Docs v5}",
    title="Bootstrap Docs v5 - Accordion",
    url="https://getbootstrap.com/docs/5.0/components/accordion/",
    addendum="(Kontsulta: 2020-04-06)"
}

@online{gjh,
    author = "{Nazio Batuen Erakundea}",
    title="Garapen Jasangarrirako Helburuak",
    url="https://sdgs.un.org/goals",
    addendum="(Kontsulta: 2022-07-02)"
}

@online{why-companies-microsoft-365,
    author = "{Daniel Cohen-Dumani}",
    title="5 Reasons Why Businesses Choose Microsoft Office 365",
    url="https://www.withum.com/resources/5-reasons-why-businesses-choose-microsoft-office-365",
    addendum="(2019-05-24)"
}

@online{manage-search-schema,
    author = "{Microsoft Docs}",
    title="Manage the search schema in SharePoint",
    url="https://docs.microsoft.com/en-us/sharepoint/manage-search-schema",
    addendum="(Kontsulta: 2022-05-17)"
}




@Comment{jabref-meta: databaseType:bibtex;}
